<?xml version="1.0" encoding="UTF-8"?><collection xmlns="http://www.loc.gov/MARC21/slim"><record><leader>00405nam--2200157-i-4500</leader><controlfield tag="001">000049491</controlfield><controlfield tag="002">20161230</controlfield><controlfield tag="005">20170306234357</controlfield><controlfield tag="008">060222s1000------------r-----000-0-eng-d</controlfield><datafield ind1=" " ind2=" " tag="080"><subfield code="a">519.718.2</subfield></datafield><datafield ind1=" " ind2=" " tag="245"><subfield code="a">Algoritmy vyvoda teorem metoda vektornyh funkcii liapunova</subfield></datafield><datafield ind1=" " ind2=" " tag="260"><subfield code="a">Novosibirsk</subfield><subfield code="b">Nauka</subfield><subfield code="c">1981</subfield></datafield><datafield ind1=" " ind2=" " tag="300"><subfield code="a">272 S</subfield></datafield><datafield ind1=" " ind2=" " tag="700"><subfield code="a">Matrosova, V. M</subfield></datafield><datafield ind1=" " ind2=" " tag="852"><subfield code="a">49991</subfield></datafield><datafield ind1=" " ind2=" " tag="CAT"><subfield code="a">SYS</subfield><subfield code="c">20170306</subfield><subfield code="h">234357</subfield></datafield></record></collection>